% This file was created with JabRef 2.10.
% Encoding: Cp1250


@Article{deltaCompNREM,
  Title                    = {Slow (0.7--2 Hz) and fast (2--4 Hz) delta components are differently correlated to theta, alpha and beta frequency bands during NREM sleep},
  Author                   = {Benoit, Odile and Daurat, Agn{\`e}s and Prado, Jacques},
  Journal                  = {Clinical Neurophysiology},
  Year                     = {2000},
  Number                   = {12},
  Pages                    = {2103--2106},
  Volume                   = {111}
}

@Article{dominantF,
  Title                    = {Dominant frequencies of resting human brain activity as measured by the electrocorticogram},
  Author                   = {Groppe, David M and Bickel, Stephan and Keller, Corey J and Jain, Sanjay K and Hwang, Sean T and Harden, Cynthia and Mehta, Ashesh D},
  Journal                  = {Neuroimage},
  Year                     = {2013},
  Pages                    = {223--233},
  Volume                   = {79}
}

@Article{bcComm,
  Title                    = {Brain--computer communication: Unlocking the locked in},
  Author                   = {K{\"u}bler, Andrea and Kotchoubey, Boris and Kaiser, Jochen and Wolpaw, Jonathan R and Birbaumer, Niels},
  Journal                  = {Psychological bulletin},
  Year                     = {2001},
  Number                   = {3},
  Pages                    = {358},
  Volume                   = {127}
}

@Article{rapidPos,
  Title                    = {A rapid method for determining standard 10/10 electrode positions for high resolution EEG studies},
  Author                   = {Le, Jian and Lu, Min and Pellouchoud, Emiliana and Gevins, Alan},
  Journal                  = {Electroencephalography and clinical Neurophysiology},
  Year                     = {1998},
  Number                   = {6},
  Pages                    = {554--558},
  Volume                   = {106}
}

@Article{biopotAmp,
  Title                    = {Biopotential amplifiers},
  Author                   = {Nagel, Joachim H},
  Journal                  = {The Biomedical Engineering Handbook},
  Year                     = {2000}
}

@Article{eegClass,
  Title                    = {EEG signal classification for brain computer interface applications},
  Author                   = {Ochoa, Jorge Baztarrica},
  Journal                  = {Ecole Polytechnique Federale De Lausanne},
  Year                     = {2002},
  Pages                    = {1--72},
  Volume                   = {7}
}

@Article{placeSys,
  Title                    = {The five percent electrode system for high-resolution EEG and ERP measurements},
  Author                   = {Oostenveld, Robert and Praamstra, Peter},
  Journal                  = {Clinical neurophysiology},
  Year                     = {2001},
  Number                   = {4},
  Pages                    = {713--719},
  Volume                   = {112}
}

@Book{DSP,
  Title                    = {Discrete-time signal processing},
  Author                   = {Oppenheim, Alan V. and Schafer, Ronald W.  and Buck, John R.},
  Publisher                = {Prentice Hall},
  Year                     = {1999},

  Address                  = {Upper Saddle River, NJ},

  Owner                    = {Ivan},
  Timestamp                = {2015.04.21}
}

@Book{DSP3,
  Title                    = {Digital signal processing: principles, algorithms, and applications},
  Author                   = {Proakis, John G. and Manolakis, Dimitris G.},
  Publisher                = {Prentice Hall},
  Year                     = {1996},

  Address                  = {Upper Saddle River, NJ},

  Owner                    = {Ivan},
  Timestamp                = {2015.04.21}
}

@Article{eegWaveFt,
  Title                    = {EEG waves classifier using wavelet transform and Fourier transform},
  Author                   = {Shaker, Maan M},
  Journal                  = {brain},
  Year                     = {2006},
  Number                   = {3},
  Volume                   = {2}
}

@Article{eegFund,
  Title                    = {Fundamentals of EEG measurement},
  Author                   = {Michal Teplan},
  Journal                  = {Measurement science review},
  Year                     = {2002},
  Number                   = {2},
  Pages                    = {1--11},
  Volume                   = {2}
}

@Article{neuralAmp,
  Title                    = {An energy-efficient micropower neural recording amplifier},
  Author                   = {Wattanapanitch, Woradorn and Fee, Michale and Sarpeshkar, Rahul},
  Journal                  = {IEEE Transactions on Biomedical Circuits and Systems},
  Year                     = {2007},

  Month                    = {June},
  Number                   = {2},
  Pages                    = {136--147},
  Volume                   = {1}
}

@Book{OpenGL,
  Title                    = {OpenGL Superbible: Comprehensive Tutorial and Reference},
  Author                   = {Richard S. Wright},
  Publisher                = {Addison-Wesley},
  Year                     = {2011},

  Address                  = {Upper Saddle River, NJ},
  Edition                  = {5th},

  Owner                    = {Ivan},
  Timestamp                = {2015.04.20}
}

@Book{brainFacts,
  Title                    = {Brain Facts: A Primer On the Brain and Nervous System},
  Publisher                = {Society for Neuroscience},
  Year                     = {2002},

  Address                  = {Washington, D.C.},
  Edition                  = {4th}
}

@Article{guidDigEEG,
  Title                    = {Guidelines for digital EEG},
  Journal                  = {American Journal of Electroneurodiagnostic Technology},
  Year                     = {1999}
}

